@inproceedings{SongWP00,
  author    = {Dawn Xiaodong Song and David A. Wagner and Adrian
                  Perrig},
  title     = {Practical Techniques for Searches on Encrypted Data},
  booktitle = {2000 {IEEE} Symposium on Security and Privacy,
                  Berkeley, California, USA, May 14-17, 2000},
  pages     = {44--55},
  year      = {2000},
}

@inproceedings{KamaraPR12,
  author    = {Seny Kamara and Charalampos Papamanthou and Tom Roeder},
  title     = {Dynamic searchable symmetric encryption},
  booktitle = {the {ACM} Conference on Computer and Communications
                  Security, CCS'12, Raleigh, NC, USA, October 16-18,
                  2012},
  pages     = {965--976},
  year      = {2012},
}

@inproceedings{CashJJKRS13,
  author    = {David Cash and Stanislaw Jarecki and Charanjit S. Jutla
                  and Hugo Krawczyk and Marcel{-}Catalin Rosu and
                  Michael Steiner},
  title     = {Highly-Scalable Searchable Symmetric Encryption with
                  Support for Boolean Queries},
  booktitle = {Advances in Cryptology - {CRYPTO} 2013 - 33rd Annual
                  Cryptology Conference, Santa Barbara, CA, USA,
                  August 18-22, 2013. Proceedings, Part {I}},
  pages     = {353--373},
  year      = {2013},
}

@article{GGM86,
 author = {Goldreich, Oded and Goldwasser, Shafi and Micali, Silvio},
 title = {How to Construct Random Functions},
 journal = {J. ACM},
 issue_date = {Oct. 1986},
 volume = {33},
 number = {4},
 month = aug,
 year = {1986},
 issn = {0004-5411},
 pages = {792--807},
 numpages = {16},
 url = {http://doi.acm.org/10.1145/6490.6503},
 doi = {10.1145/6490.6503},
 acmid = {6503},
 publisher = {ACM},
 address = {New York, NY, USA},
}

@inproceedings{GiraudABL17,
  author    = {Matthieu Giraud and
               Alexandre Anzala{-}Yamajako and
               Olivier Bernard and
               Pascal Lafourcade},
  title     = {Practical Passive Leakage-abuse Attacks Against Symmetric Searchable
               Encryption},
  booktitle = {Proceedings of the 14th International Joint Conference on e-Business
               and Telecommunications {(ICETE} 2017) - Volume 4: SECRYPT, Madrid,
               Spain, July 24-26, 2017.},
  pages     = {200--211},
  year      = {2017},
}
